<record><leader>00000cas a2200000Ma 4500</leader><controlfield tag="001">10932690</controlfield><controlfield tag="008">840710d18361837vtuwr ne      0    0eng d</controlfield><datafield ind1=" " ind2=" " tag="010"><subfield code="a">sn 84023664 </subfield></datafield><datafield ind1=" " ind2=" " tag="040"><subfield code="a">AQM</subfield><subfield code="b">eng</subfield><subfield code="c">AQM</subfield><subfield code="d">OCLCQ</subfield></datafield><datafield ind1="0" ind2=" " tag="130"><subfield code="a">Argus (Middlebury, Vt.)</subfield></datafield><datafield ind1="1" ind2="4" tag="245"><subfield code="a">The Argus.</subfield></datafield><datafield ind1=" " ind2=" " tag="260"><subfield code="a">Middlebury, Vt. :</subfield><subfield code="b">H. Drury</subfield></datafield><datafield ind1=" " ind2=" " tag="300"><subfield code="a">v.</subfield></datafield><datafield ind1=" " ind2=" " tag="310"><subfield code="a">Weekly</subfield></datafield><datafield ind1="1" ind2=" " tag="362"><subfield code="a">Began with June 21, 1836 issue; ceased with Mar. 7, 1837 issue.</subfield><subfield code="z">Cf. Amer. newspapers, 1821-1936.</subfield></datafield><datafield ind1=" " ind2=" " tag="500"><subfield code="a">Editors: E.W. &amp; H. Drury, &lt;1836&gt;.</subfield></datafield><datafield ind1=" " ind2=" " tag="588"><subfield code="a">Description based on: Vol. 5, no. 21 (Aug. 2, 1836).</subfield></datafield><datafield ind1=" " ind2="7" tag="655"><subfield code="a">Newspapers.</subfield><subfield code="2">rbgenr</subfield></datafield><datafield ind1="1" ind2=" " tag="700"><subfield code="a">Drury, E. W.</subfield></datafield><datafield ind1="1" ind2=" " tag="700"><subfield code="a">Drury, Hamilton.</subfield></datafield><datafield ind1=" " ind2=" " tag="752"><subfield code="a">United States</subfield><subfield code="b">Vermont</subfield><subfield code="c">Addison</subfield><subfield code="d">Middlebury.</subfield></datafield><datafield ind1="0" ind2="0" tag="780"><subfield code="t">Vermont Argus (Middlebury, Vt.)</subfield></datafield><datafield ind1="0" ind2="0" tag="785"><subfield code="t">Vermont Argus</subfield><subfield code="w">(DLC)sn 83025688</subfield></datafield></record>